@article{izhikevich2003simple,
  title={Simple model of spiking neurons},
  author={Izhikevich, E. M.},
  journal={IEEE Transactions on neural networks},
  volume={14},
  number={6},
  pages={1569--1572},
  year={2003},
  publisher={IEEE}
}


@ARTICLE{Izhikevich:2006,
AUTHOR = {Izhikevich, E. M.},
TITLE   = {{B}ursting},
YEAR    = {2006},
JOURNAL = {Scholarpedia},
VOLUME  = {1},
NUMBER  = {3},
PAGES   = {1300},
DOI     = {10.4249/scholarpedia.1300},
NOTE    = {revision \#150167}
}


@article{hutcheon2000resonance,
  title={Resonance, oscillation and the intrinsic frequency preferences of neurons},
  author={Hutcheon, B. and Yarom, Y.},
  journal={Trends in neurosciences},
  volume={23},
  number={5},
  pages={216--222},
  year={2000},
  publisher={Elsevier}
}


@article{hines1997neuron,
  title={The NEURON simulation environment},
  author={Hines, M. L. and Carnevale, N. T.},
  journal={Neural computation},
  volume={9},
  number={6},
  pages={1179--1209},
  year={1997},
  publisher={MIT Press}
}

